@conference{ICDM2017,author="L. Borotto", 
            title="Challenges and Solutions in Group Recommender Systems",
            booktitle="Tutorial at ICDM",
            year="2017"
}
@unpublished{spotify-web-api, author="José M. Pérez",
            title="Spotify Web API",
            year="2020"
}