@conference{ICDM2017,author="L. Borotto", 
            title="Challenges and Solutions in Group Recommender Systems",
            booktitle="Tutorial at ICDM",
            year="2017"
}

@misc{MobileSpeedGoogle2018,
  author = "Daniel An",
  year = "2018",
  title = "Find out how you stack up to new industry benchmarks for mobile page speed",
  howpublished = "\url{https://www.thinkwithgoogle.com/marketing-resources/data-measurement/mobile-page-speed-new-industry-benchmarks/}"
}



@misc{AndroidVersion2019,
  author = "Julien Lausson",
  year = "2019",
  month = "mai",
  title = "Entre Nougat, Oreo et Pie, quelles sont les versions d’Android les plus courantes",
  howpublished = "\url{https://www.numerama.com/tech/132165-les-versions-dandroid-les-plus-utilisees.html}"
}

@misc{Masthof2011, 
author = "Judith Masthoff",
year = "2011", 
month = "january",
title="Group Recommender Systems: Combining Individual Models", 
howpublished = "\url{https://www.researchgate.net/publication/227132202_Group_Recommender_Systems_Combining_Individual_Models}"}

@misc{data_analysis, 
author = "Jonathan Cabreira",
year = "2019", 
month = "august",
title="A Music Taste Analysis Using Spotify API and Python.", 
howpublished = "\url{https://towardsdatascience.com/a-music-taste-analysis-using-spotify-api-and-python-e52d186db5fc}"}

@techreport{iOSVersion2019,
  institution = "Apple",
  year = "2019",
  month = "October",
  note = "\url{https://developer.apple.com/fr/support/app-store/}"
}

@unpublished{spotify-web-api, author="José M. Pérez",
            title="Spotify Web API",
            year="2020",
            note="\url{https://github.com/JMPerez/spotify-web-api-js}"
}

@unpublished{spotify-web-api-node, author="Michael Thelin and José M. Pérez",
            title="Spotify Web API Node",
            year="2018"
}